<?xml version="1.0" encoding="UTF-8"?><collection xmlns="http://www.loc.gov/MARC21/slim"><record><leader>00468nam--2200145-i-4500</leader><controlfield tag="001">000016477</controlfield><controlfield tag="002">20161230</controlfield><controlfield tag="005">20161230201031</controlfield><controlfield tag="008">060222s1000------------r-----000-0-eng-d</controlfield><datafield ind1=" " ind2=" " tag="245"><subfield code="a">Harmonic mappings, twistors, and - model: 9 - 13 june 1986, cirm, luminy, france</subfield><subfield code="c">Gauduchon, paul (ed.)</subfield></datafield><datafield ind1=" " ind2=" " tag="260"><subfield code="a">Singapore, World Scientific, 1987.-</subfield></datafield><datafield ind1=" " ind2=" " tag="490"><subfield code="a">Advanced Series In Mathematical Physics</subfield></datafield><datafield ind1=" " ind2=" " tag="700"><subfield code="a">Paul Gauduchon</subfield></datafield><datafield ind1=" " ind2=" " tag="852"><subfield code="a">79741</subfield></datafield><datafield ind1=" " ind2=" " tag="CAT"><subfield code="a">Sys</subfield><subfield code="c">20080424</subfield><subfield code="h">100058</subfield></datafield></record></collection>